<?xml version="1.0" encoding="UTF-8"?><record xmlns="http://www.loc.gov/MARC21/slim" xmlns:cinclude="http://apache.org/cocoon/include/1.0" xmlns:zs="http://www.loc.gov/zing/srw/">
  <leader>00487nz  a2200121n  4500</leader>
  <controlfield tag="001">n 2005177340</controlfield>
  <controlfield tag="003">DLC</controlfield>
  <controlfield tag="005">20051121071956.0</controlfield>
  <controlfield tag="008">051121n| acannaabn          |n ana      </controlfield>
  <datafield tag="010" ind1=" " ind2=" ">
    <subfield code="a">n 2005177340</subfield>
  </datafield>
  <datafield tag="040" ind1=" " ind2=" ">
    <subfield code="a">DLC</subfield>
    <subfield code="b">eng</subfield>
    <subfield code="c">DLC</subfield>
  </datafield>
  <datafield tag="110" ind1="2" ind2=" ">
    <subfield code="a">Federação Nacional dos Jornalistas (Brazil).</subfield>
    <subfield code="b">Departamento de Mobilização em Assessoria de Imprensa</subfield>
  </datafield>
  <datafield tag="670" ind1=" " ind2=" ">
    <subfield code="a">O papel do assessor, 1996:</subfield>
    <subfield code="b">t.p. (Fenaj-Federação Nacional dos Jornalistas, Departamento de Mobilização em Assessoria de Imprensa)</subfield>
  </datafield>
</record>